@Book{xie2015,
  title = {Dynamic Documents with {R} and knitr},
  author = {Yihui Xie},
  publisher = {Chapman and Hall/CRC},
  address = {Boca Raton, Florida},
  year = {2015},
  edition = {2nd},
  note = {ISBN 978-1498716963},
  url = {http://yihui.org/knitr/},
}

@book{wickham2015r,
  title={R packages: organize, test, document, and share your code},
  author={Wickham, Hadley},
  year={2015},
  publisher={" O'Reilly Media, Inc."}
}
